@article{DBLP:journals/corr/abs-1809-08669,
  author    = {Alexander Golovnev and
               Alexander S. Kulikov and
               Alexander Logunov and
               Ivan Mihajlin},
  title     = {Collapsing Superstring Conjecture},
  journal   = {CoRR},
  volume    = {abs/1809.08669},
  year      = {2018},
  url       = {http://arxiv.org/abs/1809.08669},
  archivePrefix = {arXiv},
  eprint    = {1809.08669},
  timestamp = {Fri, 05 Oct 2018 11:34:52 +0200},
  biburl    = {https://dblp.org/rec/bib/journals/corr/abs-1809-08669},
  bibsource = {dblp computer science bibliography, https://dblp.org}
}

@inproceedings{B2010,
 author = {Bj\"{o}rklund, Andreas},
 title = {{Determinant Sums for Undirected Hamiltonicity}},
 booktitle = {Proceedings of the 2010 IEEE 51st Annual Symposium on Foundations of Computer Science},
 series = {FOCS'10},
 year = {2010},
 isbn = {978-0-7695-4244-7},
 pages = {173--182},
 publisher = {IEEE Computer Society},
 address = {Washington, DC, USA},
}

@incollection {BHKK2008,
   author = {Bj\"{o}rklund, Andreas and Husfeldt, Thore and Kaski, Petteri and Koivisto, Mikko},
   affiliation = {Lund University Department of Computer Science P.O.Box 118 SE-22100 Lund Sweden},
   title = {{The Travelling Salesman Problem in Bounded Degree Graphs}},
   booktitle = {Automata, Languages and Programming},
   series = {LNCS},
   publisher = {Springer Berlin / Heidelberg},
   pages = {198-209},
   volume = {5125},
   year = {2008}
}

@article {BH2008,
   author = {Bj\"{o}rklund, Andreas and Husfeldt, Thore},
   affiliation = {Lund University Department of Computer Science Box 118 221 00 Lund Sweden},
   title = {{Exact Algorithms for Exact Satisfiability and Number of Perfect Matchings}},
   journal = {Algorithmica},
   publisher = {Springer New York},
   pages = {226-249},
   volume = {52},
   issue = {2},
   year = {2008}
}

@TECHREPORT{BBEP2011,
 AUTHOR =       {N. Boria and N. Bourgeois and B. Escoffier and
V.~Th.~Paschos},
 TITLE =        {{Exponential Approximation Schemata for Some Network
Design Problems}},
 institution =  {LAMSADE},
 year =         {2011},
 type =         {Cahier du LAMSADE},
 number =       {303},
 address =      {Universite Paris-Dauphine},
}

@article {FGM1982,
author = {Frieze, A. M. and Galbiati, G. and Maffioli, F.},
title = {{On the Worst-Case Performance of Some Algorithms for the Asymmetric Traveling Salesman Problem}},
journal = {Networks},
volume = {12},
number = {1},
publisher = {Wiley Subscription Services, Inc., A Wiley Company},
pages = {23--39},
year = {1982},
}

@article {HK1971,
   author = {Held, Michael and Karp, Richard M.},
   affiliation = {IBM Systems Research Institute New York New York USA},
   title = {{The Traveling-Salesman Problem and Minimum Spanning Trees}},
   journal = {Math. Program.},
   publisher = {Springer Berlin / Heidelberg},
   issn = {0025-5610},
   pages = {6-25},
   volume = {1},
   issue = {1},
   year = {1971}
}

@article{B1962,
 author = {Bellman, Richard},
 title = {{Dynamic Programming Treatment of the Travelling Salesman Problem}},
 journal = {J. ACM},
 volume = {9},
 issue = {1},
 year = {1962},
 issn = {0004-5411},
 pages = {61--63},
 publisher = {ACM},
 address = {New York, NY, USA},
}

@article{GS1987,
 author = {Gurevich, Yuri and Shelah, Saharon},
 title = {{Expected Computation Time for Hamiltonian Path Problem}},
 journal = {SIAM J. Comput.},
 volume = {16},
 issue = {3},
 month = {June},
 year = {1987},
 issn = {0097-5397},
 pages = {486--502},
 publisher = {Society for Industrial and Applied Mathematics},
 address = {Philadelphia, PA, USA},
}

@article{K1982,
title = {{Dynamic Programming Meets the Principle of Inclusion and Exclusion}},
journal = "Oper. Res. Lett.",
volume = "1",
number = "2",
pages = "49--51",
year = "1982",
author = "Karp, Richard M.",
}

@article{BF1996,
 author = {Bax, Eric and Franklin, Joel},
 title = {{A Finite-Difference Sieve to Count Paths and Cycles by Length}},
 journal = {Inf. Process. Lett.},
 volume = {60},
 issue = {4},
 year = {1996},
 pages = {171--176},
 publisher = {Elsevier North-Holland, Inc.},
 address = {Amsterdam, The Netherlands, The Netherlands},
}

@inproceedings{KGK1977,
 author = {Kohn, Samuel and Gottlieb, Allan and Kohn, Meryle},
 title = {{A Generating Function Approach to the Traveling Salesman Problem}},
 booktitle = {ACN 1977},
 year = {1977},
 pages = {294--300},
}

@article{W2008,
 author = {Woeginger, Gerhard J.},
 title = {{Open Problems Around Exact Algorithms}},
 journal = {Discrete Appl. Math.},
 volume = {156},
 issue = {3},
 month = {February},
 year = {2008},
 pages = {397--405},
 publisher = {Elsevier Science Publishers B. V.},
 address = {Amsterdam, The Netherlands, The Netherlands},
}

@article{IK1975,
 author = {Ibarra, Oscar H. and Kim, Chul E.},
 title = {{Fast Approximation Algorithms for the Knapsack and Sum of Subset Problems}},
 journal = {J. ACM},
 volume = {22},
 issue = {4},
 month = {October},
 year = {1975},
 pages = {463--468},
 publisher = {ACM},
 address = {New York, NY, USA},
}

@article{SG1976,
 author = {Sahni, Sartaj and Gonzalez, Teofilo},
 title = {{P-Complete Approximation Problems}},
 journal = {J. ACM},
 volume = {23},
 issue = {3},
 year = {1976},
 pages = {555--565},
 publisher = {ACM},
 address = {New York, NY, USA},
}

@TECHREPORT{C1976,
 AUTHOR =       {Christofides, N},
 TITLE =        {{Worst-Case Analysis of a New Heuristic for the Traveling Salesman Problem}},
 institution =  {Graduate School of Industrial Administration, CMU},
 year =         {1976},
 number =       {338},
}

@INPROCEEDINGS{A1996,
    author = {Sanjeev Arora},
    title = {{Polynomial Time Approximation Schemes for Euclidean TSP and Other Geometric Problems}},
    booktitle = {In Proceedings of the 37th IEEE Symposium on Foundations of Computer Science (FOCS’96)},
    year = {1996},
    pages = {2--11}
}

@INPROCEEDINGS{A1997,
    author = {Sanjeev Arora},
    title = {{Nearly Linear Time Approximation Schemes for Euclidean TSP and Other Geometric Problems}},
    booktitle = {In Proceedings of the 38th IEEE Symposium on Foundations of Computer Science (FOCS’97)},
    year = {1997},
    pages = {554--563}
}

@article{M1999,
 author = {Mitchell, Joseph S. B.},
 title = {{Guillotine Subdivisions Approximate Polygonal Subdivisions: A Simple Polynomial-Time Approximation Scheme for Geometric TSP, $k$-MST, and Related Problems}},
 journal = {SIAM J. Comput.},
 volume = {28},
 issue = {4},
 month = {March},
 year = {1999},
 pages = {1298--1309},
 publisher = {Society for Industrial and Applied Mathematics},
 address = {Philadelphia, PA, USA},
}

@inproceedings{B2003,
 author = {Bl\"{a}ser, Markus},
 title = {{A New Approximation Algorithm for the Asymmetric TSP with Triangle Inequality}},
 booktitle = {Proceedings of the fourteenth annual ACM-SIAM symposium on Discrete algorithms},
 series = {SODA'03},
 year = {2003},
 location = {Baltimore, Maryland},
 pages = {638--645},
 publisher = {Society for Industrial and Applied Mathematics},
 address = {Philadelphia, PA, USA},
}

@article{KLSS2005,
 author = {Kaplan, Haim and Lewenstein, Moshe and Shafrir, Nira and Sviridenko, Maxim},
 title = {{Approximation Algorithms for Asymmetric TSP by Decomposing Directed Regular Multigraphs}},
 journal = {J. ACM},
 volume = {52},
 issue = {4},
 month = {July},
 year = {2005},
 pages = {602--626},
 publisher = {ACM},
 address = {New York, NY, USA},
}

@incollection {FS2007,
   author = {Feige, Uriel and Singh, Mohit},
   affiliation = {Microsoft Research and Weizmann Institute},
   title = {{Improved Approximation Ratios for Traveling Salesperson Tours and Paths in Directed Graphs}},
   booktitle = {Approximation, Randomization, and Combinatorial Optimization. Algorithms and Techniques},
   series = {LNCS},
   publisher = {Springer Berlin / Heidelberg},
   pages = {104-118},
   volume = {4627},
   year = {2007}
}

@inproceedings{AGMGS2010,
 author = {Asadpour, Arash and Goemans, Michel X. and Madry, Aleksander and Gharan, Shayan Oveis and Saberi, Amin},
 title = {{An O($\log n/ \log \log n$)-approximation Algorithm for the Asymmetric Traveling Salesman Problem}},
 booktitle = {Proceedings of the Twenty-First Annual ACM-SIAM Symposium on Discrete Algorithms},
 series = {SODA'10},
 year = {2010},
 location = {Austin, Texas},
 pages = {379--389},
 publisher = {Society for Industrial and Applied Mathematics},
 address = {Philadelphia, PA, USA},
}

@inproceedings{GSS2011,
  author    = {Shayan Oveis Gharan and
               Amin Saberi and
               Mohit Singh},
  title     = {{A Randomized Rounding Approach to the Traveling Salesman Problem}},
  booktitle = {FOCS},
  year      = {2011},
  pages     = {550-559},
}

@inproceedings{MS2011,
 author = {Tobias M{\"o}mke and Ola Svensson},
 title = {{Approximating Graphic TSP by Matchings}},
 booktitle = {Proceedings of the 2011 IEEE 52nd Annual Symposium on Foundations of Computer Science},
 series = {FOCS'11},
 year = {2011},
 pages = {560--569},
 publisher = {IEEE Computer Society},
 address = {Washington, DC, USA},
}

@article{RSL1977,
  author    = {Daniel J. Rosenkrantz and
               Richard Edwin Stearns and
               Philip M. Lewis},
  title     = {{An Analysis of Several Heuristics for the Traveling Salesman Problem}},
  journal   = {SIAM J. Comput.},
  volume    = {6},
  number    = {3},
  year      = {1977},
  pages     = {563-581},
}

@article{GJ1978,
 author = {Garey, M. R. and Johnson, D. S.},
 title = {{``Strong'' NP-Completeness Results: Motivation, Examples, and Implications}},
 journal = {J. ACM},
 volume = {25},
 issue = {3},
 month = {July},
 year = {1978},
 pages = {499--508},
 publisher = {ACM},
 address = {New York, NY, USA},
}

@book{V2003,
 author = {Vazirani, Vijay V.},
 title = {{Approximation Algorithms}},
 year = {2003},
 publisher = {Springer},
}

@article{PY1993,
 author = {Papadimitriou, Christos H. and Yannakakis, Mihalis},
 title = {{The Traveling Salesman Problem with Distances One and Two}},
 journal = {Math. Oper. Res.},
 volume = {18},
 issue = {1},
 month = {February},
 year = {1993},
 pages = {1--11},
 publisher = {INFORMS},
 address = {Institute for Operations Research and the Management Sciences (INFORMS), Linthicum, Maryland, USA},
}

@inproceedings{PY1988,
 author = {Papadimitriou, Christos and Yannakakis, Mihalis},
 title = {{Optimization, Approximation, and Complexity Classes}},
 booktitle = {Proceedings of the twentieth annual ACM symposium on Theory of computing},
 series = {STOC'88},
 year = {1988},
 location = {Chicago, Illinois, United States},
 pages = {229--234},
 publisher = {ACM},
 address = {New York, NY, USA},
}

@article {PV2006,
   author = {Papadimitriou, Christos and Vempala, Santosh},
   affiliation = {U.C. Berkeley Computer Science Division Berkeley, CA 94720 USA Berkeley, CA 94720 USA},
   title = {{On the Approximability of the Traveling Salesman Problem}},
   journal = {Combinatorica},
   publisher = {Springer Berlin / Heidelberg},
   pages = {101-120},
   volume = {26},
   issue = {1},
   year = {2006}
}

@article{M2011,
  author    = {Marcin Mucha},
  title     = {{Improved Analysis for Graphic TSP Approximation via Matchings}},
  journal   = {CoRR},
  volume    = {abs/1108.1130},
  year      = {2011},
}

@inproceedings{BK2006,
 author = {Berman, Piotr and Karpinski, Marek},
 title = {{$8/7$-approximation Algorithm for ($1$,$2$)-TSP}},
 booktitle = {Proceedings of the seventeenth annual ACM-SIAM symposium on Discrete algorithm},
 series = {SODA'06},
 year = {2006},
 location = {Miami, Florida},
 pages = {641--648},
 publisher = {ACM},
 address = {New York, NY, USA},
}

@article{B1996,
    author = {Eric T. Bax},
    title = {{Recurrence-Based Reductions for Inclusion and Exclusion Algorithms Applied to \#P Problems}},
    year = {1996}
}

@book{GJ1979,
 author = {Garey, Michael R. and Johnson, David S.},
 title = {{Computers and Intractability: A Guide to the Theory of NP-Completeness}},
 year = {1979},
 publisher = {W. H. Freeman \& Co.},
 address = {New York, NY, USA},
}

@inproceedings{KP2010,
 author = {Koivisto, Mikko and Parviainen, Pekka},
 title = {{A Space-Time Tradeoff for Permutation Problems}},
 booktitle = {Proceedings of the Twenty-First Annual ACM-SIAM Symposium on Discrete Algorithms},
 series = {SODA'10},
 year = {2010},
 location = {Austin, Texas},
 pages = {484--492},
 publisher = {Society for Industrial and Applied Mathematics},
 address = {Philadelphia, PA, USA},
}

@incollection {E2003,
   author = {Eppstein, David},
   affiliation = {School of Information & Computer Science, University of California, Irvine, Irvine, CA 92697-3425, USA},
   title = {{The Traveling Salesman Problem for Cubic Graphs}},
   booktitle = {Algorithms and Data Structures},
   series = {LNCS},
   publisher = {Springer Berlin / Heidelberg},
   pages = {307-318},
   volume = {2748},
   year = {2003}
}

@article{G2011,
 author = {Gebauer, Heidi},
 title = {{Finding and Enumerating Hamilton Cycles in $4$-Regular Graphs}},
 journal = {Theoretical Computer Science},
 issue_date = {August, 2011},
 volume = {412},
 number = {35},
 month = aug,
 year = {2011},
 pages = {4579--4591},
 publisher = {Elsevier Science Publishers Ltd.},
 address = {Essex, UK},
}

@incollection {IN2007,
   author = {Iwama, Kazuo and Nakashima, Takuya},
   affiliation = {School of Informatics, Kyoto University, Kyoto 606-8501 Japan},
   title = {{An Improved Exact Algorithm for Cubic Graph TSP}},
   booktitle = {Computing and Combinatorics},
   series = {LNCS},
   publisher = {Springer Berlin / Heidelberg},
   pages = {108-117},
   volume = {4598},
   year = {2007}
}

@article{BGK2011,
  author    = {Yair Bartal and
               Lee-Ad Gottlieb and
               Robert Krauthgamer},
  title     = {{The Traveling Salesman Problem: Low-Dimensionality Implies
               a Polynomial Time Approximation Scheme}},
  journal   = {CoRR},
  volume    = {abs/1112.0699},
  year      = {2011},
  ee        = {http://arxiv.org/abs/1112.0699},
  bibsource = {DBLP, http://dblp.uni-trier.de}
}


@incollection {B1999,
   author = {Berman, Piotr and Karpinski, Marek},
   title = {{On Some Tighter Inapproximability Results (Extended Abstract)}},
   booktitle = {Automata, Languages and Programming},
   series = {LNCS},
   publisher = {Springer Berlin / Heidelberg},
   pages = {705--705},
   volume = {1644},
   year = {1999}
}

@incollection {V2005,
   author = {Vassilevska, Virginia},
   title = {{Explicit Inapproximability Bounds for the Shortest Superstring Problem}},
   booktitle = {Mathematical Foundations of Computer Science 2005},
   series = {LNCS},
   publisher = {Springer Berlin / Heidelberg},
   pages = {793--800},
   volume = {3618},
   year = {2005}
}

@book{waterman1995introduction,
  title={Introduction to computational biology: maps, sequences and genomes},
  author={Waterman, Michael S.},
  year={1995},
  publisher={CRC Press}
}

@article{GMS1980,
title = {{On finding minimal length superstrings}},
journal = "J. Comput. Syst. Sci.",
volume = "20",
number = "1",
pages = "50--58",
year = "1980",
author = "John Gallant and David Maier and James A. Storer"
}

@article{S1999,
 author = {Sweedyk, Z.},
 title = {{$2\frac{1}{2}$-Approximation Algorithm for Shortest Superstring}},
 journal = {SIAM J. Comput.},
 issue_date = {Dec. 1999 to Jan. 2000},
 volume = {29},
 number = {3},
 month = dec,
 year = {1999},
 pages = {954--986},
 publisher = {Society for Industrial and Applied Mathematics},
 address = {Philadelphia, PA, USA},
}

@inproceedings{TY1993,
 author = {Shang-Hua Teng and Yao, F.},
 title = {{Approximating shortest superstrings}},
 booktitle = {Proceedings of the 1993 IEEE 34th Annual Foundations of Computer Science},
 series = {SFCS'93},
 year = {1993},
 pages = {158--165},
 publisher = {IEEE Computer Society},
 address = {Washington, DC, USA},
}

@inproceedings{KPS1994,
 author = {Kosaraju, S. Rao and Park, James K. and Stein, Clifford},
 title = {{Long tours and short superstrings}},
 booktitle = {Proceedings of the 35th Annual Symposium on Foundations of Computer Science},
 series = {SFCS'94},
 year = {1994},
 pages = {166--177},
 publisher = {IEEE Computer Society},
 address = {Washington, DC, USA},
}

@inproceedings{BJLTY1991,
 author = {Blum, Avrim and Jiang, Tao and Li, Ming and Tromp, John and Yannakakis, Mihalis},
 title = {{Linear approximation of shortest superstrings}},
 booktitle = {STOC 1991},
 year = {1991},
 location = {New Orleans, Louisiana, United States},
 pages = {328--336},
 publisher = {ACM},
}

@incollection {CGPR1994,
   author = {Czumaj, Artur and Gasieniec, Leszek and Piotrow, Marek and Rytter, Wojciech},
   title = {{Parallel and sequential approximation of shortest superstrings}},
   booktitle = {Algorithm Theory - SWAT'94},
   series = {LNCS},
   publisher = {Springer Berlin / Heidelberg},
   pages = {95--106},
   volume = {824},
   year = {1994}
}

@article {GJR1991,
   author = {Grotschel, M. and Junger, M. and Reinelt, G.},
   title = {{Optimal control of plotting and drilling machines: A case study}},
   journal = {Mathematical Methods of Operations Research  },
   publisher = {Physica Verlag, An Imprint of Springer-Verlag GmbH},
   pages = {61--84},
   volume = {35},
   issue = {1},
   year = {1991}
}

@techreport{AS1994,
 author = {Armen, Chris and Stein, Clifford},
 title = {{A $2\frac{3}{4}$-Approximation Algorithm for the Shortest Superstring Problem}},
 year = {1994},
 institution = {Dartmouth College},
 publisher = {Dartmouth College},
 address = {Hanover, NH, USA},
}

@incollection {AS1995,
   author = {Armen, Chris and Stein, Clifford},
   affiliation = {University of Hartford 06117-1599 W. Hartford CT USA 06117-1599 W. Hartford CT USA},
   title = {{Improved length bounds for the shortest superstring problem}},
   booktitle = {Algorithms and Data Structures},
   series = {LNCS},
   publisher = {Springer Berlin / Heidelberg},
   pages = {494-505},
   volume = {955},
   year = {1995}
}

@incollection {AS1996,
   author = {Armen, Chris and Stein, Clifford},
   affiliation = {University of Hartford 06117-1599 W. Hartford CT USA 06117-1599 W. Hartford CT USA},
   title = {{A $2\frac{2}{3}$-Approximation for the Shortest Superstring Problem}},
   booktitle = {Combinatorial Pattern Matching},
   series = {LNCS},
   editor = {Hirschberg, Dan and Myers, Gene},
   publisher = {Springer Berlin / Heidelberg},
   pages = {87--101},
   volume = {1075},
   year = {1996},
}

@article{BJJ1997,
 author = {Breslauer, Dany and Jiang, Tao and Jiang, Zhigen},
 title = {{Rotations of periodic strings and short superstrings}},
 journal = {J. Algorithms},
 issue_date = {Aug. 1997},
 volume = {24},
 number = {2},
 month = aug,
 year = {1997},
 pages = {340--353},
 publisher = {Academic Press, Inc.},
 address = {Duluth, MN, USA},
}

@article{TU1988,
title = {{A greedy approximation algorithm for constructing shortest common superstrings}},
journal = "Theor. Comput. Sci.",
volume = "57",
number = "1",
pages = "131--145",
year = "1988",
author = "Jorma Tarhio and Esko Ukkonen"
}

@article{T1989,
title = {{Approximation algorithms for the shortest common superstring problem}},
journal = "Inf. Comput.",
volume = "83",
number = "1",
pages = "1--20",
year = "1989",
author = "Jonathan S. Turner",
publisher={Elsevier}
}

@incollection {O1999,
   author = {Ott, Sascha},
   affiliation = {RWTH Aachen, Ahornstr. 55 Lehrstuhl fur Informatik I (Algorithmen und Komplexitat) 52056 Aachen Germany},
   title = {{Lower Bounds for Approximating Shortest Superstrings over an Alphabet of Size 2}},
   booktitle = {Graph-Theoretic Concepts in Computer Science},
   series = {LNCS},
   publisher = {Springer Berlin / Heidelberg},
   pages = {55--64},
   volume = {1665},
   year = {1999}
}

@article{KS2012,
  author    = {Marek Karpinski and
               Richard Schmied},
  title     = {{Improved Lower Bounds for the Shortest Superstring and Related
               Problems}},
  journal   = {CoRR},
  volume    = {abs/1111.5442v3},
  year      = {2012}
}

@article{KS2011,
  author    = {Marek Karpinski and
               Richard Schmied},
  title     = {{Improved Lower Bounds for the Shortest Superstring and Related
               Problems}},
  journal   = {CoRR},
  volume    = {abs/1111.5442},
  year      = {2011}
}

@article{KS2005,
 author = {Kaplan, Haim and Shafrir, Nira},
 title = {{The greedy algorithm for shortest superstrings}},
 journal = {Inf. Process. Lett.},
 issue_date = {16 January 2005},
 volume = {93},
 number = {1},
 year = {2005},
 issn = {0020-0190},
 pages = {13--17},
 publisher = {Elsevier North-Holland, Inc.},
 }

@incollection {CCCM1986,
   author = {Christofides, Nicos and Campos, V. and Corberan, A. and Mota, E.},
   affiliation = {Imperial College Department of Management Science SW7 London UK},
   title = {{An algorithm for the Rural Postman problem on a directed graph}},
   booktitle = {Netflow at Pisa},
   series = {Mathematical Programming Studies},
   publisher = {Springer Berlin Heidelberg},
   pages = {155--166},
   volume = {26},
   year = {1986}
}

@article{EGL1995,
author = {Eiselt, H A and Gendreau, Michel and Laporte, Gilbert},
number = {3},
pages = {399--414},
title = {{Arc Routing Problems, Part II: The Rural Postman Problem}},
journal = {Operations Research},
volume = {43},
year = {1995},
}

@article{GV2005,
author = {Groves, GW and {van Vuuren}, JH},
journal = {ORiON},
month = jun,
number = {1},
pages = {33--51},
title = {{Efficient heuristics for the Rural Postman Problem}},
volume = {21},
year = {2005}
}

@article{LKR1981,
author = {Lenstra, J. K. and Kan, A. H. G. Rinnooy},
title = {{Complexity of vehicle routing and scheduling problems}},
journal = {Networks},
volume = {11},
number = {2},
publisher = {Wiley Subscription Services, Inc., A Wiley Company},
pages = {221--227},
year = {1981}
}

@inproceedings{LN2010,
 author = {Lokshtanov, Daniel and Nederlof, Jesper},
 title = {{Saving space by algebraization}},
 booktitle = {Proceedings of the 42nd ACM symposium on Theory of computing},
 series = {STOC '10},
 year = {2010},
 location = {Cambridge, Massachusetts, USA},
 pages = {321--330},
 numpages = {10},
 publisher = {ACM},
}

@inproceedings{CCIKRRW2010,
 author = {Crochemore, Maxime and Cygan, Marek and Iliopoulos, Costas and Kubica, Marcin and Radoszewski, Jakub and Rytter, Wojciech and Walen, Tomasz},
 title = {{Algorithms for three versions of the shortest common superstring problem}},
 booktitle = {Proceedings of the 21st annual conference on Combinatorial pattern matching},
 series = {CPM'10},
 year = {2010},
 pages = {299--309},
 numpages = {11},
 publisher = {Springer-Verlag},
}

@article {DGHKKPRS2002,
   author = {Dantsin, Evgeny and Goerdt, Andreas and Hirsch, Edward A. and Kannan, Ravi and Kleinberg, Jon and Papadimitriou, Christos and Raghavan, Prabhakar and Sch\"{o}ning, Uwe},
   title = {{A deterministic $(2 - 2/(k+ 1))^n$ algorithm for k-SAT based on local search}},
   journal = {Theor. Comput. Sci.},
   volume = {289},
   number = {1},
   month = oct,
   year = {2002},
   pages = {69--83},
   numpages = {15},
   publisher = {Elsevier Science Publishers Ltd.},
   address = {Essex, UK},
}

@article {W2005,
   author={Williams, Ryan},
   title={{A new algorithm for optimal $2$-constraint satisfaction and its implications}},
   year={2005},
   number={2-3},
   journal={Theoretical Computer Science},
   publisher={Elsevier},
   pages={357--365},
   volume={348},
}


@INPROCEEDINGS {H2011,
   author={Hertli, Timon},
   booktitle={Foundations of Computer Science (FOCS)},
   title={{$3$-SAT Faster and Simpler - Unique-SAT Bounds for PPSZ Hold in General}},
   year={2011},
   month={oct.},
   pages={277 -284},
}

@inproceedings {MoserS2011,
   author = {Moser, Robin A. and Scheder, Dominik},
   title = {{A full derandomization of Sch\"oning's $k$-SAT algorithm}},
   booktitle = {Proceedings of the 43rd annual ACM symposium on Theory of computing},
   series = {STOC '11},
   year = {2011},
   pages = {245--252},
   numpages = {8},
   publisher = {ACM},
}

@article {KK2009,
   author = {Kulikov, Alexander and Kutzkov, Konstantin},
   title = {{New upper bounds for the problem of maximal satisfiability}},
   journal = {Discrete Appl. Math.},
   year = {2009},
   volume = {19},
   pages = {155--172},
}

@inproceedings {DW2006,
   author = {Dantsin, Evgeny and Wolpert, Alexander},
   title = {{MAX-SAT} for formulas with constant clause density can be solved faster than in ${O}(2^n)$ time},
   booktitle = {Proceedings of the 9th International Conference on Theory and Applications of Satisfiability Testing},
   series = {LNCS},
   volume = {4121},
   pages = {266--276},
   year = {2006},
}

@inproceedings {CIP2006,
   author = {Calabro, Chris and Impagliazzo, Russell and Paturi, Ramamohan},
   title = {{A Duality between Clause Width and Clause Density for SAT}},
   booktitle = {Proceedings of the 21st  Annual IEEE Conference on Computational Complexity},
   series = {CCC '06},
   year = {2006},
   pages = {252--260},
   numpages = {9},
   publisher = {IEEE Computer Society},
}

@inbook {DH2008,
   author = {Dantsin, Evgeny and Hirsch, Edward A.},
   title = {{Worst Case Upper Bounds}},
   booktitle = {Handbook of Satisfiability},
   year = {2008},
   editor = {Armin Biere, Marijn Heule, Hans van Maaren, Toby Walsch},
   pages = {341--362},
}

@InProceedings {PEZ2012,
  author = {Katarzyna Paluch and Khaled Elbassioni and Anke van Zuylen},
  title = {{Simpler Approximation of the Maximum Asymmetric Traveling Salesman Problem}},
  booktitle = {STACS '12},
  pages = {501--506},
  series = {LIPIcs},
  year = {2012},
  volume = {14},
}

@inproceedings{M2013,
  title={{Lyndon Words and Short Superstrings}},
  author={Mucha, Marcin},
  booktitle={SODA 2013},
  pages={958--972},
  year={2013},
  organization={SIAM}
}

@article{P14,
  title={Better approximation algorithms for maximum asymmetric traveling salesman and shortest superstring},
  author={Paluch, Katarzyna},
  journal={arXiv preprint arXiv:1401.3670},
  year={2014}
}

@inproceedings{GKM13,
  title={Approximating shortest superstring problem using de {B}ruijn graphs},
  author={Golovnev, Alexander and Kulikov, Alexander S. and Mihajlin, Ivan},
  booktitle={CPM 2013},
  pages={120--129},
  year={2013},
  organization={Springer}
}


@misc{github,
  key = {github},
  author = {},
  title = {Collapsing Superstring Conjecture. {G}itHub repository},
  year = {2018},
  publisher = {GitHub},
  journal = {GitHub repository},
  howpublished = {\url{https://github.com/alexanderskulikov/greedy-superstring-conjecture}},
}

@misc{webpage,
    key = {webpage},
    author = {},
    title = {Collapsing Superstring Conjecture. {W}ebpage},
    year = 2018,
    howpublished = {\url{http://compsciclub.ru/scs/}},
  }

@article{scs_exact,
  title={Solving {SCS} for bounded length strings in fewer than $2^n$ steps},
  author={Golovnev, Alexander and Kulikov, Alexander S. and Mihajlin, Ivan},
  journal={Inf. Process. Lett.},
  volume={114},
  number={8},
  pages={421--425},
  year={2014},
  publisher={Elsevier}
}

@article{pevzner2001eulerian,
  title={An Eulerian path approach to {DNA} fragment assembly},
  author={Pevzner, Pavel A. and Tang, Haixu and Waterman, Michael S.},
  journal={Proc. Natl. Acad. Sci. U.S.A.},
  volume={98},
  number={17},
  pages={9748--9753},
  year={2001},
  publisher={Proc. Natl. Acad. Sci.}
}

@book{storer1987data,
  title={Data compression: methods and theory},
  author={Storer, James A.},
  year={1987},
  publisher={Computer Science Press, Inc.}
}

@phdthesis{phdthesis,
  author       = {Gallant, John}, 
  title        = {String compression algorithms.},
  school       = {Princeton},
  year         = 1982,
}

@misc{mucha2007tutorial,
  title={A tutorial on shortest superstring approximation},
  author={Mucha, Marcin},
  year={2007}
}

@Inbook{gevezes2014shortest,
  title={The shortest superstring problem},
  author={Gevezes, Theodoros P. and Pitsoulis, Leonidas S.},
  booktitle={Optimization in Science and Engineering: In Honor of the 60th Birthday of Panos M. Pardalos},
  pages={189--227},
  year={2014},
  publisher={Springer}
}

@inproceedings{kulikov2015greedy,
  title={Greedy conjecture for strings of length 4},
  author={Kulikov, Alexander S. and Savinov, Sergey and Sluzhaev, Evgeniy},
  booktitle={CPM 2015},
  pages={307--315},
  year={2015},
  organization={Springer}
}

@article{cazaux20143,
  title={Relationship between superstring and compression measures: New insights on the greedy conjecture},
  author={Cazaux, Bastien and Rivals, Eric},
  journal={Discrete Appl. Math.},
  volume={245},
  pages={59--64},
  year={2018},
  publisher={Elsevier}
}

@article{weinard2006greedy,
  title={On the greedy superstring conjecture},
  author={Weinard, Maik and Schnitger, Georg},
  journal={SIAM J. Discrete Math.},
  volume={20},
  number={2},
  pages={502--522},
  year={2006},
  publisher={SIAM}
}

@article{laube2005conditional,
  title={Conditional inequalities and the shortest common superstring problem},
  author={Laube, Uli and Weinard, Maik},
  journal={Int. J. Found. Comput. Sci.},
  volume={16},
  number={06},
  pages={1219--1230},
  year={2005},
  publisher={World Scientific}
}

@article{monge,
  title={M{\'e}moire sur la th{\'e}orie des d{\'e}blais et des remblais},
  author={Monge, Gaspard},
  journal={Histoire de l'Acad{\'e}mie Royale des Sciences de Paris},
  year={1781}
}

@inproceedings{rivals2018superstrings,
  title={Superstrings with multiplicities},
  author={Rivals, Eric and Cazaux, Bastien},
  booktitle={CPM 2018},
  volume={105},
  pages={21:1--21:16},
  year={2018}
}

@inproceedings{cazaux2018practical,
  title={Practical lower and upper bounds for the Shortest Linear Superstring},
  author={Cazaux, Bastien and Juhel, Samuel and Rivals, Eric},
  booktitle={SEA 2018},
  pages={18:1--18:14},
  year={2018},
  volume    = {103},
  publisher = {LIPIcs},
}

  

@inproceedings{romero2004experimental,
  title={An experimental comparison of two approximation algorithms for the common superstring problem},
  author={Romero, Heidi J. and Brizuela, Carlos A. and Tchernykh, Andrei},
  booktitle={ENC 2004},
  pages={27--34},
  year={2004},
  organization={IEEE}
}

@article{ukkonen1990linear,
  title={A linear-time algorithm for finding approximate shortest common superstrings},
  author={Ukkonen, Esko},
  journal={Algorithmica},
  volume={5},
  number={1-4},
  pages={313--323},
  year={1990},
  publisher={Springer}
}

@article{cazaux2018hierarchical,
  title={Hierarchical Overlap Graph},
  author={Cazaux, Bastien and Rivals, Eric},
  journal={arXiv preprint arXiv:1802.04632},
  year={2018}
}

@inproceedings{svensson2018constant,
  title={A constant-factor approximation algorithm for the asymmetric traveling salesman problem},
  author={Svensson, Ola and Tarnawski, Jakub and V{\'e}gh, L{\'a}szl{\'o} A.},
  booktitle={STOC 2018},
  pages={204--213},
  year={2018},
  organization={ACM}
}


@article{cr16,
  title={A linear time algorithm for Shortest Cyclic Cover of Strings},
  author={Cazaux, Bastien and Rivals, Eric},
  journal={J. Discrete Algorithms},
  volume={37},
  pages={56--67},
  year={2016},
  publisher={Elsevier}
}

